@Article{Langmead2009,
   Author="Langmead, B.  and Trapnell, C.  and Pop, M.  and Salzberg, S. L. ",
   Title="{{U}ltrafast and memory-efficient alignment of short {D}{N}{A} sequences to the human genome}",
   Journal="Genome Biol.",
   Year="2009",
   Volume="10",
   Pages="R25"
}

@Article{Li2009bwa,
   Author="Li, H.  and Durbin, R. ",
   Title="{{F}ast and accurate short read alignment with {B}urrows-{W}heeler transform}",
   Journal="Bioinformatics",
   Year="2009",
   Volume="25",
   Pages="1754--1760",
   Month="Jul"
}

@Article{Li2009soap2,
   Author="Li, R.  and Yu, C.  and Li, Y.  and Lam, T. W.  and Yiu, S. M.  and Kristiansen, K.  and Wang, J. ",
   Title="{{S}{O}{A}{P}2: an improved ultrafast tool for short read alignment}",
   Journal="Bioinformatics",
   Year="2009",
   Volume="25",
   Pages="1966--1967",
   Month="Aug"
}

@Article{Garber2011,
   Author="Garber, M.  and Grabherr, M. G.  and Guttman, M.  and Trapnell, C. ",
   Title="{{C}omputational methods for transcriptome annotation and quantification using {R}{N}{A}-seq}",
   Journal="Nat. Methods",
   Year="2011",
   Volume="8",
   Number="6",
   Pages="469--477",
   Month="Jun"
}

@Article{Martin2011,
   Author="Martin, J. A.  and Wang, Z. ",
   Title="{{N}ext-generation transcriptome assembly}",
   Journal="Nat. Rev. Genet.",
   Year="2011",
   Volume="12",
   Number="10",
   Pages="671--682",
   Month="Oct"
}

@Article{Twine2011,
   Author="Twine, N. A.  and Janitz, K.  and Wilkins, M. R.  and Janitz, M. ",
   Title="{{W}hole transcriptome sequencing reveals gene expression and splicing differences in brain regions affected by {A}lzheimer's disease}",
   Journal="PLoS ONE",
   Year="2011",
   Volume="6",
   Number="1",
   Pages="e16266"
}

@Article{Kai2011,
   Author="Kai, W.  and Kikuchi, K.  and Tohari, S.  and Chew, A. K.  and Tay, A.  and Fujiwara, A.  and Hosoya, S.  and Suetake, H.  and Naruse, K.  and Brenner, S.  and Suzuki, Y.  and Venkatesh, B. ",
   Title="{{I}ntegration of the genetic map and genome assembly of fugu facilitates insights into distinct features of genome evolution in teleosts and mammals}",
   Journal="Genome Biol Evol",
   Year="2011",
   Volume="3",
   Pages="424--442"
}

@Article{Ye2011,
   Author="Ye, L.  and Hillier, L. W.  and Minx, P.  and Thane, N.  and Locke, D. P.  and Martin, J. C.  and Chen, L.  and Mitreva, M.  and Miller, J. R.  and Haub, K. V.  and Dooling, D. J.  and Mardis, E. R.  and Wilson, R. K.  and Weinstock, G. M.  and Warren, W. C. ",
   Title="{{A} vertebrate case study of the quality of assemblies derived from next-generation sequences}",
   Journal="Genome Biol.",
   Year="2011",
   Volume="12",
   Number="3",
   Pages="R31"
}

@Article{Wang2008,
   Author="Wang, E. T.  and Sandberg, R.  and Luo, S.  and Khrebtukova, I.  and Zhang, L.  and Mayr, C.  and Kingsmore, S. F.  and Schroth, G. P.  and Burge, C. B. ",
   Title="{{A}lternative isoform regulation in human tissue transcriptomes}",
   Journal="Nature",
   Year="2008",
   Volume="456",
   Number="7221",
   Pages="470--476",
   Month="Nov"
}

@Article{Cloonan2008,
   Author="Cloonan, N.  and Forrest, A. R.  and Kolle, G.  and Gardiner, B. B.  and Faulkner, G. J.  and Brown, M. K.  and Taylor, D. F.  and Steptoe, A. L.  and Wani, S.  and Bethel, G.  and Robertson, A. J.  and Perkins, A. C.  and Bruce, S. J.  and Lee, C. C.  and Ranade, S. S.  and Peckham, H. E.  and Manning, J. M.  and McKernan, K. J.  and Grimmond, S. M. ",
   Title="{{S}tem cell transcriptome profiling via massive-scale m{R}{N}{A} sequencing}",
   Journal="Nat. Methods",
   Year="2008",
   Volume="5",
   Number="7",
   Pages="613--619",
   Month="Jul"
}

@Article{Denoeud2008,
   Author="Denoeud, F.  and Aury, J. M.  and Da Silva, C.  and Noel, B.  and Rogier, O.  and Delledonne, M.  and Morgante, M.  and Valle, G.  and Wincker, P.  and Scarpelli, C.  and Jaillon, O.  and Artiguenave, F. ",
   Title="{{A}nnotating genomes with massive-scale {R}{N}{A} sequencing}",
   Journal="Genome Biol.",
   Year="2008",
   Volume="9",
   Number="12",
   Pages="R175"
}

@Article{Lister2008,
   Author="Lister, R.  and O'Malley, R. C.  and Tonti-Filippini, J.  and Gregory, B. D.  and Berry, C. C.  and Millar, A. H.  and Ecker, J. R. ",
   Title="{{H}ighly integrated single-base resolution maps of the epigenome in {A}rabidopsis}",
   Journal="Cell",
   Year="2008",
   Volume="133",
   Number="3",
   Pages="523--536",
   Month="May"
}

@Article{Maher2009,
   Author="Maher, C. A.  and Kumar-Sinha, C.  and Cao, X.  and Kalyana-Sundaram, S.  and Han, B.  and Jing, X.  and Sam, L.  and Barrette, T.  and Palanisamy, N.  and Chinnaiyan, A. M. ",
   Title="{{T}ranscriptome sequencing to detect gene fusions in cancer}",
   Journal="Nature",
   Year="2009",
   Volume="458",
   Number="7234",
   Pages="97--101",
   Month="Mar"
}

@Article{Marioni2008,
   Author="Marioni, J. C.  and Mason, C. E.  and Mane, S. M.  and Stephens, M.  and Gilad, Y. ",
   Title="{{R}{N}{A}-seq: an assessment of technical reproducibility and comparison with gene expression arrays}",
   Journal="Genome Res.",
   Year="2008",
   Volume="18",
   Number="9",
   Pages="1509--1517",
   Month="Sep"
}

@Article{Mortazavi2008,
   Author="Mortazavi, A.  and Williams, B. A.  and McCue, K.  and Schaeffer, L.  and Wold, B. ",
   Title="{{M}apping and quantifying mammalian transcriptomes by {R}{N}{A}-{S}eq}",
   Journal="Nat. Methods",
   Year="2008",
   Volume="5",
   Number="7",
   Pages="621--628",
   Month="Jul"
}

@Article{Nagalakshmi2008,
   Author="Nagalakshmi, U.  and Wang, Z.  and Waern, K.  and Shou, C.  and Raha, D.  and Gerstein, M.  and Snyder, M. ",
   Title="{{T}he transcriptional landscape of the yeast genome defined by {R}{N}{A} sequencing}",
   Journal="Science",
   Year="2008",
   Volume="320",
   Number="5881",
   Pages="1344--1349",
   Month="Jun"
}

@Article{Sultan2008,
   Author="Sultan, M.  and Schulz, M. H.  and Richard, H.  and Magen, A.  and Klingenhoff, A.  and Scherf, M.  and Seifert, M.  and Borodina, T.  and Soldatov, A.  and Parkhomchuk, D.  and Schmidt, D.  and O'Keeffe, S.  and Haas, S.  and Vingron, M.  and Lehrach, H.  and Yaspo, M. L. ",
   Title="{{A} global view of gene activity and alternative splicing by deep sequencing of the human transcriptome}",
   Journal="Science",
   Year="2008",
   Volume="321",
   Number="5891",
   Pages="956--960",
   Month="Aug"
}

@Article{Yassour2009,
   Author="Yassour, M.  and Kaplan, T.  and Fraser, H. B.  and Levin, J. Z.  and Pfiffner, J.  and Adiconis, X.  and Schroth, G.  and Luo, S.  and Khrebtukova, I.  and Gnirke, A.  and Nusbaum, C.  and Thompson, D. A.  and Friedman, N.  and Regev, A. ",
   Title="{{A}b initio construction of a eukaryotic transcriptome by massively parallel m{R}{N}{A} sequencing}",
   Journal="Proc. Natl. Acad. Sci. U.S.A.",
   Year="2009",
   Volume="106",
   Number="9",
   Pages="3264--3269",
   Month="Mar"
}

@Article{Kelley2010,
   Author="Kelley, D. R.  and Schatz, M. C.  and Salzberg, S. L. ",
   Title="{{Q}uake: quality-aware detection and correction of sequencing errors}",
   Journal="Genome Biol.",
   Year="2010",
   Volume="11",
   Number="11",
   Pages="R116"
}

@Article{SurgetGroba2010,
   Author="Surget-Groba, Y.  and Montoya-Burgos, J. I. ",
   Title="{{O}ptimization of de novo transcriptome assembly from next-generation sequencing data}",
   Journal="Genome Res.",
   Year="2010",
   Volume="20",
   Number="10",
   Pages="1432--1440",
   Month="Oct"
}

@Article{DeBruijn1946,
   Author="De Bruijn, N. ",
   Title="{{A} combinatorial problem}",
   Journal="Koninklijke Nederlandse Akademie v. Wetenschappen",
   Year="1946",
   Volume="46",
   Pages="6",
}

@Article{Pevzner1989,
   Author="Pevzner, P. A. ",
   Title="{1-{T}uple {D}{N}{A} sequencing: computer analysis}",
   Journal="J. Biomol. Struct. Dyn.",
   Year="1989",
   Volume="7",
   Number="1",
   Pages="63--73",
   Month="Aug"
}

@Article{Zerbino2008,
   Author="Zerbino, D. R.  and Birney, E. ",
   Title="{{V}elvet: algorithms for de novo short read assembly using de {B}ruijn graphs}",
   Journal="Genome Res.",
   Year="2008",
   Volume="18",
   Number="5",
   Pages="821--829",
   Month="May"
}

@Article{Robertson2010,
   Author="Robertson, G.  and Schein, J.  and Chiu, R.  and Corbett, R.  and Field, M.  and Jackman, S. D.  and Mungall, K.  and Lee, S.  and Okada, H. M.  and Qian, J. Q.  and Griffith, M.  and Raymond, A.  and Thiessen, N.  and Cezard, T.  and Butterfield, Y. S.  and Newsome, R.  and Chan, S. K.  and She, R.  and Varhol, R.  and Kamoh, B.  and Prabhu, A. L.  and Tam, A.  and Zhao, Y.  and Moore, R. A.  and Hirst, M.  and Marra, M. A.  and Jones, S. J.  and Hoodless, P. A.  and Birol, I. ",
   Title="{{D}e novo assembly and analysis of {R}{N}{A}-seq data}",
   Journal="Nat. Methods",
   Year="2010",
   Volume="7",
   Number="11",
   Pages="909--912",
   Month="Nov"
}

@Article{Zerbino2010,
   Author="Zerbino, D. R. ",
   Title="{{U}sing the {V}elvet de novo assembler for short-read sequencing technologies}",
   Journal="Curr Protoc Bioinformatics",
   Year="2010",
   Volume="Chapter 11",
   Pages="Unit 11.5",
   Month="Sep"
}

@Article{Lander2001,
   Author="Lander, E. S. ",
   Title="{{I}nitial impact of the sequencing of the human genome}",
   Journal="Nature",
   Year="2011",
   Volume="470",
   Number="7333",
   Pages="187--197",
   Month="Feb"
}

@Article{Modrek2001,
   Author="Modrek, B.  and Resch, A.  and Grasso, C.  and Lee, C. ",
   Title="{{G}enome-wide detection of alternative splicing in expressed sequences of human genes}",
   Journal="Nucleic Acids Res.",
   Year="2001",
   Volume="29",
   Number="13",
   Pages="2850--2859",
   Month="Jul"
}

@Article{Johnson2003,
   Author="Johnson, J. M.  and Castle, J.  and Garrett-Engele, P.  and Kan, Z.  and Loerch, P. M.  and Armour, C. D.  and Santos, R.  and Schadt, E. E.  and Stoughton, R.  and Shoemaker, D. D. ",
   Title="{{G}enome-wide survey of human alternative pre-m{R}{N}{A} splicing with exon junction microarrays}",
   Journal="Science",
   Year="2003",
   Volume="302",
   Number="5653",
   Pages="2141--2144",
   Month="Dec"
}

@Article{Oshlack2010,
   Author="Oshlack, A.  and Robinson, M. D.  and Young, M. D. ",
   Title="{{F}rom {R}{N}{A}-seq reads to differential expression results}",
   Journal="Genome Biol.",
   Year="2010",
   Volume="11",
   Number="12",
   Pages="220"
}

@Article{Costa2010,
   Author="Costa, V.  and Angelini, C.  and De Feis, I.  and Ciccodicola, A. ",
   Title="{{U}ncovering the complexity of transcriptomes with {R}{N}{A}-{S}eq}",
   Journal="J. Biomed. Biotechnol.",
   Year="2010",
   Volume="2010",
   Pages="853916"
}

@Article{Stein2011,
   Author="Stein, L. D. ",
   Title="{{A}n introduction to the informatics of "next-generation" sequencing}",
   Journal="Curr Protoc Bioinformatics",
   Year="2011",
   Volume="Chapter 11",
   Pages="Unit 11.1.",
   Month="Dec"
}

@Article{Hiller2009,
   Author="Hiller, D.  and Jiang, H.  and Xu, W.  and Wong, W. H. ",
   Title="{{I}dentifiability of isoform deconvolution from junction arrays and {R}{N}{A}-{S}eq}",
   Journal="Bioinformatics",
   Year="2009",
   Volume="25",
   Number="23",
   Pages="3056--3059",
   Month="Dec"
}

@Article{Jiang2009,
   Author="Jiang, H.  and Wong, W. H. ",
   Title="{{S}tatistical inferences for isoform expression in {R}{N}{A}-{S}eq}",
   Journal="Bioinformatics",
   Year="2009",
   Volume="25",
   Number="8",
   Pages="1026--1032",
   Month="Apr"
}

@Article{Li2010,
   Author="Li, B.  and Ruotti, V.  and Stewart, R. M.  and Thomson, J. A.  and Dewey, C. N. ",
   Title="{{R}{N}{A}-{S}eq gene expression estimation with read mapping uncertainty}",
   Journal="Bioinformatics",
   Year="2010",
   Volume="26",
   Number="4",
   Pages="493--500",
   Month="Feb"
}

@Article{Richard2010,
   Author="Richard, H.  and Schulz, M. H.  and Sultan, M.  and Nurnberger, A.  and Schrinner, S.  and Balzereit, D.  and Dagand, E.  and Rasche, A.  and Lehrach, H.  and Vingron, M.  and Haas, S. A.  and Yaspo, M. L. ",
   Title="{{P}rediction of alternative isoforms from exon expression levels in {R}{N}{A}-{S}eq experiments}",
   Journal="Nucleic Acids Res.",
   Year="2010",
   Volume="38",
   Number="10",
   Pages="e112",
   Month="Jun"
}

@Article{Faulkner2008,
   Author="Faulkner, G. J.  and Forrest, A. R.  and Chalk, A. M.  and Schroder, K.  and Hayashizaki, Y.  and Carninci, P.  and Hume, D. A.  and Grimmond, S. M. ",
   Title="{{A} rescue strategy for multimapping short sequence tags refines surveys of transcriptional activity by {C}{A}{G}{E}}",
   Journal="Genomics",
   Year="2008",
   Volume="91",
   Number="3",
   Pages="281--288",
   Month="Mar"
}

@Article{Cloonan2009,
   Author="Cloonan, N.  and Xu, Q.  and Faulkner, G. J.  and Taylor, D. F.  and Tang, D. T.  and Kolle, G.  and Grimmond, S. M. ",
   Title="{{R}{N}{A}-{M}{A}{T}{E}: a recursive mapping strategy for high-throughput {R}{N}{A}-sequencing data}",
   Journal="Bioinformatics",
   Year="2009",
   Volume="25",
   Number="19",
   Pages="2615--2616",
   Month="Oct"
}

@Article{Hashimoto2009,
   Author="Hashimoto, T.  and de Hoon, M. J.  and Grimmond, S. M.  and Daub, C. O.  and Hayashizaki, Y.  and Faulkner, G. J. ",
   Title="{{P}robabilistic resolution of multi-mapping reads in massively parallel sequencing data using {M}u{M}{R}escue{L}ite}",
   Journal="Bioinformatics",
   Year="2009",
   Volume="25",
   Number="19",
   Pages="2613--2614",
   Month="Oct"
}

@Article{Flicek2012,
   Author="Flicek, P.  and Amode, M. R.  and Barrell, D.  and Beal, K.  and Brent, S.  and Carvalho-Silva, D.  and Clapham, P.  and Coates, G.  and Fairley, S.  and Fitzgerald, S.  and Gil, L.  and Gordon, L.  and Hendrix, M.  and Hourlier, T.  and Johnson, N.  and Kahari, A. K.  and Keefe, D.  and Keenan, S.  and Kinsella, R.  and Komorowska, M.  and Koscielny, G.  and Kulesha, E.  and Larsson, P.  and Longden, I.  and McLaren, W.  and Muffato, M.  and Overduin, B.  and Pignatelli, M.  and Pritchard, B.  and Riat, H. S.  and Ritchie, G. R.  and Ruffier, M.  and Schuster, M.  and Sobral, D.  and Tang, Y. A.  and Taylor, K.  and Trevanion, S.  and Vandrovcova, J.  and White, S.  and Wilson, M.  and Wilder, S. P.  and Aken, B. L.  and Birney, E.  and Cunningham, F.  and Dunham, I.  and Durbin, R.  and Fernandez-Suarez, X. M.  and Harrow, J.  and Herrero, J.  and Hubbard, T. J.  and Parker, A.  and Proctor, G.  and Spudich, G.  and Vogel, J.  and Yates, A.  and Zadissa, A.  and Searle, S. M. ",
   Title="{{E}nsembl 2012}",
   Journal="Nucleic Acids Res.",
   Year="2012",
   Volume="40",
   Number="Database issue",
   Pages="84--90",
   Month="Jan"
}

@Article{Li2011,
   Author="Li, B.  and Dewey, C. N. ",
   Title="{{R}{S}{E}{M}: accurate transcript quantification from {R}{N}{A}-{S}eq data with or without a reference genome}",
   Journal="BMC Bioinformatics",
   Year="2011",
   Volume="12",
   Pages="323"
}

@Article{Kim2011,
   Author="Kim, H.  and Bi, Y.  and Pal, S.  and Gupta, R.  and Davuluri, R. V. ",
   Title="{{I}soform{E}x: isoform level gene expression estimation using weighted non-negative least squares from m{R}{N}{A}-{S}eq data}",
   Journal="BMC Bioinformatics",
   Year="2011",
   Volume="12",
   Pages="305"
}

@Article{Trapnell2010,
   Author="Trapnell, C.  and Williams, B. A.  and Pertea, G.  and Mortazavi, A.  and Kwan, G.  and van Baren, M. J.  and Salzberg, S. L.  and Wold, B. J.  and Pachter, L. ",
   Title="{{T}ranscript assembly and quantification by {R}{N}{A}-{S}eq reveals unannotated transcripts and isoform switching during cell differentiation}",
   Journal="Nat. Biotechnol.",
   Year="2010",
   Volume="28",
   Number="5",
   Pages="511--515",
   Month="May"
}

@Article{Xia2011,
   Author="Xia, Z.  and Wen, J.  and Chang, C. C.  and Zhou, X. ",
   Title="{{N}{S}{M}{A}{P}: a method for spliced isoforms identification and quantification from {R}{N}{A}-{S}eq}",
   Journal="BMC Bioinformatics",
   Year="2011",
   Volume="12",
   Pages="162"
}

@Article{Schulz2012,
   Author="Schulz, M. H.  and Zerbino, D. R.  and Vingron, M.  and Birney, E. ",
   Title="{{O}ases: robust de novo {R}{N}{A}-seq assembly across the dynamic range of expression levels}",
   Journal="Bioinformatics",
   Year="2012",
   Volume="28",
   Number="8",
   Pages="1086--1092",
   Month="Apr"
}

@Article{Grabherr2011,
   Author="Grabherr, M. G.  and Haas, B. J.  and Yassour, M.  and Levin, J. Z.  and Thompson, D. A.  and Amit, I.  and Adiconis, X.  and Fan, L.  and Raychowdhury, R.  and Zeng, Q.  and Chen, Z.  and Mauceli, E.  and Hacohen, N.  and Gnirke, A.  and Rhind, N.  and di Palma, F.  and Birren, B. W.  and Nusbaum, C.  and Lindblad-Toh, K.  and Friedman, N.  and Regev, A. ",
   Title="{{F}ull-length transcriptome assembly from {R}{N}{A}-{S}eq data without a reference genome}",
   Journal="Nat. Biotechnol.",
   Year="2011",
   Volume="29",
   Number="7",
   Pages="644--652",
   Month="Jul"
}

@Article{Toung2011,
   Author="Toung, J. M.  and Morley, M.  and Li, M.  and Cheung, V. G. ",
   Title="{{R}{N}{A}-sequence analysis of human {B}-cells}",
   Journal="Genome Res.",
   Year="2011",
   Volume="21",
   Number="6",
   Pages="991--998",
   Month="Jun"
}

@Article{Pickrell2010,
   Author="Pickrell, J. K.  and Pai, A. A.  and Gilad, Y.  and Pritchard, J. K. ",
   Title="{{N}oisy splicing drives m{R}{N}{A} isoform diversity in human cells}",
   Journal="PLoS Genet.",
   Year="2010",
   Volume="6",
   Number="12",
   Pages="e1001236"
}

@unpublished{Nguyen2012,
   Author="Nguyen, T. and Deng, N. and Zhu, D.",
   Title="{{S}{A}{S}eq: {A} selective and adaptive shrinkage approach to detect and quantify active transcripts using {R}{N}{A}-{S}eq}",
    note="submitted"
}

@Article{Li2011isolasso,
   Author="Li, W.  and Feng, J.  and Jiang, T. ",
   Title="{{I}so{L}asso: a {L}{A}{S}{S}{O} regression approach to {R}{N}{A}-{S}eq based transcriptome assembly}",
   Journal="J. Comput. Biol.",
   Year="2011",
   Volume="18",
   Number="11",
   Pages="1693--1707",
   Month="Nov"
}

@INBOOK{Lacroix2008,
   author = "Lacroix, V.",
   title= "{E}sact transcriptome reconstruction from short sequence reads",
   edition="{W}{A}{B}08: Proceedings of the 8th international workshop on {A}lgorithms in {B}informatics",
   publisher = "Springer",
   pages="500--563",
   year = 2008
   }

